@TechReport{petsc_user_ref,
      author = {Satish Balay and Shrirang Abhyankar and Mark~F. Adams and Jed Brown and Peter Brune and Kris Buschelman and Lisandro Dalcin and Victor Eijkhout and William~D. Gropp and Dinesh Kaushik and Matthew~G. Knepley and Lois Curfman McInnes and Karl Rupp and Barry~F. Smith and Stefano Zampini and Hong Zhang},
      title  = {{PETS}c Users Manual},
      institution = {Argonne National Laboratory},
      year   = {2015},
      note = {Accessed: 2015-10-07},
      number = {ANL-95/11 - Revision 3.6},
      url    = {http://www.mcs.anl.gov/petsc},
      howpublished = {\url{http://www.mcs.anl.gov/petsc}}           
}

@InProceedings{petsc_efficient,
      Author = {Satish Balay and William D. Gropp and Lois Curfman McInnes and Barry F.  Smith},
      Title = {Efficient Management of Parallelism in Object Oriented Numerical Software Libraries},
      Booktitle = {Modern Software Tools in Scientific Computing},
      Editor = {E. Arge and A. M. Bruaset and H. P. Langtangen},
      Pages = {163-202},
      Publisher = {Birkh{\"{a}}user Press},
      note = {Accessed: 2015-10-07},
      Year = {1997}
}

@book{Grama_Gupta_Karypis_Kumar,
 author = {Kumar, Vipin and Grama, Ananth and Gupta, Anshul and Karypis, George},
 title = {Introduction to Parallel Computing},
 year = {2002},
 isbn = {0201648652},
 edition = {2nd},
 publisher = {Addison-Wesley Longman Publishing Co., Inc.},
 address = {Boston, MA, USA},
}

@article{chen2012metamaterials,
      title={Metamaterials application in sensing},
      author={Chen, Tao and Li, Suyan and Sun, Hui},
      journal={Sensors},
      volume={12},
      number={3},
      pages={2742--2765},
      year={2012},
      publisher={Molecular Diversity Preservation International}
}  

@online{HTcondor_Appendix_11,
	title = {11. {Appendix} {A}: {ClassAd} {Attributes}},
	url = {http://research.cs.wisc.edu/htcondor/manual/v7.8/11_Appendix_A.html},
        howpublished = {\url{http://research.cs.wisc.edu/htcondor/manual/v7.8/11_Appendix_A.html}},
	urldate = {2016-06-17},
	year   = {2016},
	note = {Accessed: 2016-06-17}
}

@online{HTcondor_Appendix_12,
	title = {12. {Appendix} {A}: {ClassAd} {Attributes}},
	url = {https://research.cs.wisc.edu/htcondor/manual/v8.5.5/12_Appendix_A.html},
        howpublished = {\url{https://research.cs.wisc.edu/htcondor/manual/v8.5.5/12_Appendix_A.html}},
	urldate = {2016-06-17},
	year   = {2016},
	note = {Accessed: 2016-06-17}
}

@online{HTcondor_Download,
	title = {Download {HTCondor}},
	url = {http://research.cs.wisc.edu/htcondor/downloads/},
	howpublished = {\url{http://research.cs.wisc.edu/htcondor/downloads/}},
	urldate = {2016-07-05},
	note =  {Accessed : 2016-07-05},
	file = {Download HTCondor:/home/henry/.mozilla/firefox/5piqql2i.default/zotero/storage/9V4BZ5P9/downloads.html:text/html}
}

@online{HTcondor_quick_start,
	title = {{HTCondor} {Quick} {Start} {Guide}},
	url = {http://research.cs.wisc.edu/htcondor/manual/quickstart.html},
	howpublished = {\url{http://research.cs.wisc.edu/htcondor/manual/quickstart.html}},
	urldate = {2016-07-05},
	note = {Accessed: 2016-07-05},
	file = {HTCondor Quick Start Guide:/home/henry/.mozilla/firefox/5piqql2i.default/zotero/storage/ECPKIGJT/quickstart.html:text/html}
}


@online{HTcondor_What_is,
	title = {{HTCondor} - {What} is {HTCondor}?},
	url = {https://research.cs.wisc.edu/htcondor/description.html},
	howpublished = {\url{https://research.cs.wisc.edu/htcondor/description.html}},
	urldate = {2016-07-05},
	note =  {Accessed: 2016-07-05},
	file = {HTCondor - What is HTCondor?:/home/henry/.mozilla/firefox/5piqql2i.default/zotero/storage/W2FAC6AK/description.html:text/html}
}
@online{HTcondor_Repository,
	title = {{HTCondor} {Ubuntu} {Repository}},
	url = {https://research.cs.wisc.edu/htcondor/ubuntu/},
	howpublished = {\url{https://research.cs.wisc.edu/htcondor/ubuntu/}},
	urldate = {2016-07-05},
	note = {Accessed: 2016-07-05},
	file = {HTCondor Ubuntu Repository:/home/henry/.mozilla/firefox/5piqql2i.default/zotero/storage/3HCW3I55/ubuntu.html:text/html}
}

@online{HTcondor_installation,
	title = {3.2 {Installation}},
	url = {http://research.cs.wisc.edu/htcondor/manual/v7.9/3_2Installation.html},
	howpublished = {\url{http://research.cs.wisc.edu/htcondor/manual/v7.9/3_2Installation.html}},
	urldate = {2016-07-05},
	note = {Accessed: 2016-07-05},
	file = {3.2 Installation:/home/henry/.mozilla/firefox/5piqql2i.default/zotero/storage/N4GRDST8/3_2Installation.html:text/html}
}
@misc{HTcondor_installation_ubuntu,
	title = {Installion: {How} {To} {Install} htcondor {On} {Ubuntu} 14.04 {Lts}},
	url = {http://www.installion.co.uk/ubuntu/trusty/universe/h/htcondor/install/index.html},
	howpublished = {\url{http://www.installion.co.uk/ubuntu/trusty/universe/h/htcondor/install/index.html}},
	urldate = {2016-07-05},
	note = {Accessed: 2016-07-05},
	file = {Installion\: How To Install htcondor On Ubuntu 14.04 Lts:/home/henry/.mozilla/firefox/5piqql2i.default/zotero/storage/W7574B5A/index.html:text/html}
}
@online{Python_Binding,
	title = {6.7 {Python} {Bindings}},
	url = {https://research.cs.wisc.edu/htcondor/manual/v8.4/6_7Python_Bindings.html},
	howpublished = {\url{{https://research.cs.wisc.edu/htcondor/manual/v8.4/6_7Python_Bindings.html}},
	urldate = {2016-07-05},
	note = {Accessed: 2016-07-05},
	file = {6.7 Python Bindings:/home/henry/.mozilla/firefox/5piqql2i.default/zotero/storage/WMZ6AGGT/6_7Python_Bindings.html:text/html}
}


